<record xmlns="http://www.loc.gov/MARC21/slim" xmlns:xsi="http://www.w3.org/2001/XMLSchema-instance" xsi:schemaLocation="http://www.loc.gov/MARC21/slim http://www.loc.gov/standards/marcxml/schema/MARC21slim.xsd"><leader>     nam a22        4500</leader><controlfield tag="001">3294588</controlfield><controlfield tag="003">NNC</controlfield><controlfield tag="006">m        d        </controlfield><controlfield tag="007">cr cn |||m|||a</controlfield><controlfield tag="008">150316s1929    ua      o     000 0caraod</controlfield><datafield ind1=" " ind2=" " tag="040"><subfield code="a">NNU</subfield><subfield code="b">eng</subfield><subfield code="e">rda</subfield><subfield code="c">NNU</subfield></datafield><datafield ind1="1" ind2=" " tag="100"><subfield code="a">H&#803;usayn, Muh&#803;ammad al-Khid&#803;r.</subfield></datafield><datafield ind1="1" ind2="0" tag="245"><subfield code="a">&#699;Ulama&#772;&#700; al-Isla&#772;m fi&#772; al-Andalus :</subfield><subfield code="b">muh&#803;a&#772;darah alqa&#772;ha&#772; Muh&#803;ammad al-Khid&#803;r H&#803;usayn fi&#772; Na&#772;di&#772; Jam&#699;i&#772;yat al-Shabba&#772;n al-Muslimi&#772;n bi-al-Qa&#772;hirah.</subfield></datafield><datafield ind1=" " ind2=" " tag="260"><subfield code="a">al-Qa&#772;hirah :</subfield><subfield code="b">al-Mat&#803;ba&#699;ah al-Salafi&#772;yah,</subfield><subfield code="c">1347 [1929]</subfield></datafield><datafield ind1=" " ind2=" " tag="300"><subfield code="a">online resource (32 pages)</subfield></datafield><datafield ind1=" " ind2=" " tag="336"><subfield code="a">text</subfield><subfield code="2">rdacontent</subfield></datafield><datafield ind1=" " ind2=" " tag="337"><subfield code="a">computer</subfield><subfield code="2">rdamedia</subfield></datafield><datafield ind1=" " ind2=" " tag="338"><subfield code="a">online resource</subfield><subfield code="2">rdacarrier</subfield></datafield><datafield ind1=" " ind2=" " tag="500"><subfield code="a">Part of the Arabic Collections Online (ACO) project, contributed by Columbia University Libraries.</subfield></datafield><datafield ind1=" " ind2=" " tag="533"><subfield code="a">Electronic reproduction.</subfield><subfield code="b">New York, N.Y. :</subfield><subfield code="c">New York University,</subfield><subfield code="d">2015.</subfield><subfield code="5">NNU</subfield></datafield><datafield ind1=" " ind2="0" tag="650"><subfield code="a">Muslims in Spain.</subfield></datafield><datafield ind1="2" ind2=" " tag="710"><subfield code="a">Columbia University.</subfield><subfield code="b">Libraries.</subfield></datafield><datafield ind1="0" ind2=" " tag="730"><subfield code="a">Arabic Collections Online.</subfield></datafield><datafield ind1="0" ind2="8" tag="776"><subfield code="i">Print version:</subfield><subfield code="a">H&#803;usayn, Muh&#803;ammad al-Khid&#803;r.</subfield><subfield code="t">&#699;Ulama&#772;&#700; al-Isla&#772;m fi&#772; al-Andalus</subfield><subfield code="w">(NNC)3294588</subfield><subfield code="w">(OCoLC)49962775</subfield></datafield><datafield ind1="4" ind2="0" tag="856"><subfield code="u">http://hdl.handle.net/2333.1/x95x6d2s</subfield></datafield><datafield ind1=" " ind2=" " tag="959"><subfield code="a">NNU</subfield><subfield code="b">WEB</subfield><subfield code="c">GENI</subfield><subfield code="t">0</subfield><subfield code="m">Electronic access</subfield><subfield code="s">01</subfield></datafield><datafield ind1=" " ind2=" " tag="999"><subfield code="i">NNC_3294588</subfield><subfield code="o">(OCoLC)ocm49962775 </subfield><subfield code="s">columbia_aco000389</subfield><subfield code="e">(ERROR-880)</subfield></datafield></record>